@Misc{mechturk,
  OPTkey =	 {},
  OPTauthor =	 {},
  OPTtitle =	 {},
  OPThowpublished ={},
  OPTmonth =	 {},
  OPTyear =	 {},
  note =	 {Amazon's Mechanical Turk service.  Available at \url{https://www.mturk.com/}. Accessed October 24, 2011.},
}
@Misc{twitterapi,
  OPTkey = 	 {},
  OPTauthor = 	 {},
  OPTtitle = 	 {},
  OPThowpublished = {},
  OPTmonth = 	 {},
  OPTyear = 	 {},
  note = 	 {Twitter API.  Available at \url{http://dev.twitter.com/}.  Accessed October 24, 2011.},
  OPTannote = 	 {}
}
@Misc{googlebooks-ngrams,
  OPTkey = 	 {},
  OPTauthor = 	 {},
  OPTtitle = 	 {},
  OPThowpublished = {},
  OPTmonth = 	 {},
  OPTyear = 	 {},
  note = 	 {Google Labs ngram viewer.  Availabe at \url{http://ngrams.googlelabs.com/}.  Accessed October 24, 2011},
  OPTannote = 	 {}
}
